<record><leader>00000cas a22000007a 4500</leader><controlfield tag="001">13485720</controlfield><controlfield tag="008">860423d1843184upauwr ne      0    0ger  </controlfield><datafield ind1=" " ind2=" " tag="010"><subfield code="a">sn 86071366 </subfield></datafield><datafield ind1=" " ind2=" " tag="040"><subfield code="a">DLC</subfield><subfield code="b">eng</subfield><subfield code="c">DLC</subfield><subfield code="d">NPH</subfield><subfield code="d">OCLCQ</subfield></datafield><datafield ind1=" " ind2=" " tag="042"><subfield code="a">msc</subfield></datafield><datafield ind1="0" ind2="0" tag="050"><subfield code="a">Newspaper 9375-X</subfield></datafield><datafield ind1="0" ind2="4" tag="245"><subfield code="a">Der Unabhaengige Democrat.</subfield></datafield><datafield ind1="3" ind2="0" tag="246"><subfield code="a">Unabha&#776;ngige Democrat</subfield></datafield><datafield ind1="1" ind2="3" tag="246"><subfield code="a">Unabhaengige Demokrat</subfield></datafield><datafield ind1=" " ind2=" " tag="260"><subfield code="a">Easton, Pa. :</subfield><subfield code="b">[s.n.]</subfield></datafield><datafield ind1=" " ind2=" " tag="300"><subfield code="a">v. ;</subfield><subfield code="c">52 cm.</subfield></datafield><datafield ind1=" " ind2=" " tag="310"><subfield code="a">Weekly</subfield></datafield><datafield ind1="1" ind2=" " tag="362"><subfield code="a">Began with Jan. 19, 1843 issue.</subfield><subfield code="z">Cf. Arndt, K.J. and M.E. Olson. German language press of the Americas.</subfield></datafield><datafield ind1=" " ind2=" " tag="500"><subfield code="a">Printer: Heinrich Held, &lt;1843&gt;.</subfield></datafield><datafield ind1=" " ind2=" " tag="500"><subfield code="a">Editor: Friedrich W. Mu&#776;ller, &lt;1843&gt;.</subfield></datafield><datafield ind1=" " ind2=" " tag="515"><subfield code="a">Suspended publication July-Dec. 1846.</subfield></datafield><datafield ind1=" " ind2=" " tag="588"><subfield code="a">Description based on: Bd. 1, Nr. 16 (11. Mai, 1843).</subfield></datafield><datafield ind1=" " ind2=" " tag="752"><subfield code="a">United States</subfield><subfield code="b">Pennsylvania</subfield><subfield code="c">Northampton</subfield><subfield code="d">Easton.</subfield></datafield><datafield ind1="1" ind2=" " tag="029"><subfield code="a">AU@</subfield><subfield code="b">000025784442</subfield></datafield></record>